% This file was created with JabRef 2.7b.
% Encoding: UTF-8

@INPROCEEDINGS{Baldridge:2002:CCH:1073083.1073137,
  author = {Baldridge, Jason and Kruijff, Geert-Jan M.},
  title = {Coupling CCG and Hybrid Logic Dependency Semantics},
  booktitle = {Proceedings of the 40th Annual Meeting on Association for Computational
	Linguistics},
  year = {2002},
  series = {ACL '02},
  pages = {319--326},
  address = {Stroudsburg, PA, USA},
  publisher = {Association for Computational Linguistics},
  acmid = {1073137},
  doi = {10.3115/1073083.1073137},
  location = {Philadelphia, Pennsylvania},
  numpages = {8},
  url = {http://dx.doi.org/10.3115/1073083.1073137}
}

@ARTICLE{franceschet2006model,
  author = {Franceschet, Massimo and de Rijke, Maarten},
  title = {Model checking hybrid logics (with an application to semistructured
	data)},
  journal = {Journal of Applied Logic},
  year = {2006},
  volume = {4},
  pages = {279--304},
  number = {3},
  publisher = {Elsevier}
}

@MISC{Kasper86alogical,
  author = {Robert T. Kasper and William C. Rounds},
  title = {A Logical Semantics for Feature Structures},
  year = {1986}
}

@INCOLLECTION{kruijff2010situated,
  author = {Kruijff, Geert-Jan M and Lison, Pierre and Benjamin, Trevor and Jacobsson,
	Henrik and Zender, Hendrik and Kruijff-Korbayov{\'a}, Ivana and Hawes,
	Nick},
  title = {Situated dialogue processing for human-robot interaction},
  booktitle = {Cognitive Systems},
  publisher = {Springer},
  year = {2010},
  pages = {311--364}
}

@TECHREPORT{Kruijff01acategorial-modal,
  author = {Geert-jan M. Kruijff and Geert-jan M. Kruijff and Copyright Geert-jan
	and M. Kruijff and Geert-jan M. Kruijff},
  title = {A Categorial-Modal Architecture of Informativity},
  year = {2001}
}

@ARTICLE{sogaard2012using,
  author = {S{\o}gaard, Anders and Kristiansen, S{\o}ren Lind},
  title = {Using hybrid logic for querying dependency treebanks},
  journal = {Linguistic Issues in Language Technology},
  year = {2012},
  volume = {7},
  number = {1}
}

